@book{veach97,
  author =       {Veach, E.},
  title =        {Robust Monte Carlo Methods for Light Transport
                  Simulation},
  year =         1997
}

@book{phar2010,
  author =       {Phar, M. and Humphreys, G.},
  title =        {Physically Based Rendering: From Theory to
                  Implementation},
  year =         2010,
  edition =      {2nd edition},
  publisher =    {Morgan Kaufmann Publishers}
}
