@book{nicodemus1976,
  author =       {Nicodemus and Edwin, F.},
  title =        {Self-Study manual on optical radiation measurements},
  year =         1976,
  publisher =    {National Bureau of Standards}
}
