@article{eisemann2012,
  author =       {Eisemann, M. and Bauszat, P. and Guthe, S. and
                  Magnor, M.},
  title =        {Geometry Presorting for Implicit Object Space
                  Partitioning},
  year =         2012,
  journal =      {Computer Graphics Forum (Proc. of Eurographics
                  Symposium on Rendering)},
  volume =       {31},
  number =       {4}
}

@article{mt97,
  author =       {MÃ¶ler, T. and Trumbore, B.},
  title =        {Fast, Minimum Storage Ray/Triangle Intersection},
  year =         1997,
  journal =      {Journal of Graphics Tools}
}

@misc{whitted79,
  author =       {Whitted, T.},
  title =        {An Improved Illumination Model for Shaded Display},
  year =         1979
}

@book{hapke93,
  author =	 {Hapke, B.},
  title =	 {Theory of Reflectance and Emittance Spectroscopy},
  year =	 1993,
  publisher =	 {Cambridge University Press}
}

@article{schlick94,
  author =       {Schlick, C.},
  title =        {An Inexpensive BRDF Model for Physically-based
                  Rendering},
  year =         1994,
  journal =      {Computer Graphics Forum},
  number =       13
}

