@book{robert2004,
  author =       {Robert, C. and Casella, G},
  title =        {Monte Carlo Statistical Methods},
  year =         2004,
  edition =      {2nd edition},
  publisher =    {Springer}
}

@book{devroye86,
  author =       {Luc Devroye},
  title =        {Non-Uniform Random Variate Generation},
  year =         1986,
  publisher =    {Springer-Verlag}
}